%% This BibTeX bibliography file was created using BibDesk.
%% http://bibdesk.sourceforge.net/


%% Created for Lauro Cesar Araujo at 2015-04-27 19:43:45 -0300 


%% Saved with string encoding Unicode (UTF-8) 


@book{simondon2008modo,
  title={El modo de existencia de los objetos t{\'e}cnicos},
  author={Simondon, Gilbert},
  year={2008},
  publisher={Prometeo Libros Editorial}
}

@book{emmerson1986language,
  title={The language of electroacoustic music},
  author={Emmerson, Simon},
  year={1986},
  publisher={Palgrave Macmillan}
}




@book{rowe2004machine,
  title={Machine musicianship},
  author={Rowe, Robert},
  year={2004},
  publisher={MIT press}
}


@book{brinkmann2012making,
  title={Making musical apps},
  author={Brinkmann, Peter},
  year={2012},
  publisher={" O'Reilly Media, Inc."}
}


@inproceedings{brinkmann2011embedding,
  title={Embedding pure data with libpd},
  author={Brinkmann, Peter and Kirn, Peter and Lawler, Richard and McCormick, Chris and Roth, Martin and Steiner, Hans-Christoph},
  booktitle={Proceedings of the Pure Data Convention},
  volume={291},
  year={2011},
  organization={Citeseer}
}




%%%%%%%%%%%%%%%%%%%%%
